@book{assmus1992designs,
  title={Designs and their Codes},
  author={Assmus, Edvard F and Key, Jennifer D},
  volume={103},
  year={1992},
  publisher={Cambridge University Press}
}

@book{hill1986first,
  title={A first course in coding theory},
  author={Hill, Raymond},
  year={1986},
  publisher={Oxford University Press on Demand}
}

@book{polster1998geometrical,
  title={A geometrical picture book},
  author={Polster, Burkard},
  year={1998},
  publisher={Springer}
}
